@TECHREPORT{Tao96,
  AUTHOR     = "Ngo Quoc Tao",
  TITLE      = "{Map Generalisation}",
  INSTITUTION= "UNU/IIST",
  NOTE       = "Draft",
  MONTH      = "January",
  YEAR       = "1996"}

@INPROCEEDINGS{Guting&93,
  AUTHOR     = "Ralf Hartmut G{\"u}ting and Marcus Schneider",
  TITLE      = "{Realms: A Foundation for Spatial Data Types in
		  Database Systems}",
  BOOKTITLE  = "Advances in Spatial Databases -- Third International
		  Symposium, SSD'93",
  PUBLISHER  = "Springer-Verlag",
  MONTH      = "June",
  YEAR       = "1993"}
		  